@misc{parks_2020, title={Social Media Usage Is At An All-Time High. That Could Mean A Nightmare For Democracy}, url={https://www.npr.org/2020/05/27/860369744/social-media-usage-is-at-an-all-time-high-that-could-mean-a-nightmare-for-democr}, journal={NPR}, publisher={NPR}, author={Parks, Miles}, year={2020}, month={May}}

@book{bhand_robinson_sathi, url={https://nlp.stanford.edu/courses/cs224n/2009/fp/7.pdf}, journal={Text Classifiers for Political Ideologies}, author={Bhand, Maneesh and Robinson, Dan and Sathi, Conal}}

@book{yu_kaufmann_diermeier, journal={Classifying Party Affiliation from Political Speech}, author={Yu, Bei and Kaufmann, Stefan and Diermeier, Daniel}}

@misc{pastor_2018, title={Democrat Vs. Republican Tweets}, url={https://www.kaggle.com/kapastor/democratvsrepublicantweets}, journal={Kaggle}, author={Pastor, Kyle}, year={2018}, month={May}}

@misc{nnnnick_2018, title={U.S. Democrat and Republican Tweet Exploration}, url={https://www.kaggle.com/nnnnick/u-s-democrat-and-republican-tweet-exploration}, journal={Kaggle}, publisher={Kaggle}, author={Nnnnick}, year={2018}, month={Oct}}