@misc{parks_2020, title={Social Media Usage Is At An All-Time High. That Could Mean A Nightmare For Democracy}, url={https://www.npr.org/2020/05/27/860369744/social-media-usage-is-at-an-all-time-high-that-could-mean-a-nightmare-for-democr}, journal={NPR}, publisher={NPR}, author={Parks, Miles}, year={2020}, month={May}}

@misc{kowalczyk_alexandre, title={svm linear kernel good text classification}, url={https://www.svm-tutorial.com/2014/10/svm-linear-kernel-good-text-classification/}, journal={SVM Tutorial}, author={KOWALCZYK, Murthy, Vikram and Karuna and Khattak, Trojan and Nchabeleng, Timothy S.}, year={2020}, month={Jul}} 


@article{Raschka2020PythonTrends,
  title={Machine learning in python: Main developments and technology trends in data science, machine learning, and artificial intelligence},
  author={Raschka, Sebastian and Patterson, Joshua and Nolet, Corey},
  volume={11},
  number={7},
  pages={345},
  year={2020},
  journal={Information},
  publisher={MDPI}
}

@misc{web:kaggle,
  author = {Kyle Pastor},
  title = {Democrat Vs. Republican Tweets: 200 tweets of Dems and Reps},
  year = {2018},
  note = {Last updated 27 April 2018},
  url = {https://www.kaggle.com/kapastor/democratvsrepublicantweets}
}

@book{bhand_robinson_sathi, url={https://nlp.stanford.edu/courses/cs224n/2009/fp/7.pdf}, journal={Text Classifiers for Political Ideologies}, author={Bhand, Maneesh and Robinson, Dan and Sathi, Conal}}

@book{yu_kaufmann_diermeier, journal={Classifying Party Affiliation from Political Speech}, author={Yu, Bei and Kaufmann, Stefan and Diermeier, Daniel}}

@misc{
    web:Support_vector_machine,
    author = {Wikipedia},
    title = {Support vector machine},
    url = {https://en.wikipedia.org/wiki/Support_vector_machine}
}

@misc{
    web:Radial_basis_function_kernel,
    author = {Wikipedia},
    title = {Radial basis function kernel},
    url ={https://en.wikipedia.org/wiki/Radial_basis_function_kernel}
}


@misc{
    web:Multinomial_Naive_Bayes,
    author = {Wikipedia},
    title = {Naive Bayes classifier},
    url = {https://en.wikipedia.org/wiki/Naive_Bayes_classifier#Multinomial_na\%C3\%AFve_Bayes}
}

@misc{
    web:XGBoost,
    author = {Jason Brownlee},
    title = {A Gentle Introduction to XGBoost for Applied Machine Learning},
    year = {2016},
    month = {August},
    note = {Last Updated on April 22, 2020},
    url = {https://machinelearningmastery.com/gentle-introduction-xgboost-applied-machine-learning/}
}

@misc{
    web:XGBoost_LAmeetup,
    author = {Tianqi Chen},
    title = {XGBoost: A Scalable Tree Boosting System},
    year = {2016},
    month = {June},
    url = {https://speakerdeck.com/datasciencela/tianqi-chen-xgboost-overview-and-latest-news-la-meetup-talk}
    }